<?xml version="1.0" encoding="UTF-8"?><collection xmlns="http://www.loc.gov/MARC21/slim"><record><leader>00402nam--2200133-i-4500</leader><controlfield tag="001">000006686</controlfield><controlfield tag="002">20161230</controlfield><controlfield tag="005">20170210020527</controlfield><controlfield tag="008">060222s1000------------r-----000-0-eng-d</controlfield><datafield ind1=" " ind2=" " tag="245"><subfield code="a">Ultrapurification of semiconductor material. Proceedings of the conference. Boston/Mass., April, 1961</subfield></datafield><datafield ind1=" " ind2=" " tag="260"><subfield code="a">New York</subfield><subfield code="b">Macmillan Co</subfield><subfield code="c">1962</subfield></datafield><datafield ind1=" " ind2=" " tag="300"><subfield code="a">655 p</subfield></datafield><datafield ind1=" " ind2=" " tag="700"><subfield code="a">Kennedy, J. K</subfield></datafield><datafield ind1=" " ind2=" " tag="CAT"><subfield code="a">SYS</subfield><subfield code="c">20170210</subfield><subfield code="h">020527</subfield></datafield></record></collection>